@inproceedings{panchenko2011,
  title={Website fingerprinting in onion routing based anonymization
networks},
  author={Panchenko, Andriy and Niessen, Lukas and Zinnen, Andreas and
Engel, Thomas},
  booktitle={Proceedings of the 10th annual ACM workshop on Privacy in
the electronic society},
  pages={103--114},
  year={2011},
  organization={ACM}
}


@inproceedings{weinberg2012,
 author = {Weinberg, Zachary and Wang, Jeffrey and Yegneswaran, Vinod
and Briesemeister, Linda and Cheung, Steven and Wang, Frank and Boneh,
Dan},
 title = {StegoTorus: A Camouflage Proxy for the Tor Anonymity System},
 booktitle = {Proceedings of the 2012 ACM Conference on Computer and
Communications Security},
 series = {CCS '12},
 year = {2012},
 isbn = {978-1-4503-1651-4},
 location = {Raleigh, North Carolina, USA},
 pages = {109--120},
 numpages = {12},
 url = {http://doi.acm.org/10.1145/2382196.2382211},
 doi = {10.1145/2382196.2382211},
 acmid = {2382211},
 publisher = {ACM},
 address = {New York, NY, USA},
 keywords = {anticensorship, circumvention tools, steganography},
} 
