
@techreport{dingledine2004tor,
    title={Tor: The second-generation onion router},
    author={Dingledine, Roger and Mathewson, Nick and Syverson, Paul},
    year={2004},
    institution={DTIC Document},
    note={}
}

@inproceedings{Dyer:2012:PIS:2310656.2310689,
    author = {Dyer, Kevin P. and Coull, Scott E. and Ristenpart, Thomas and Shrimpton, Thomas},
    title = {Peek-a-Boo, I Still See You: Why Efficient Traffic Analysis Countermeasures Fail},
    booktitle = {Proceedings of the 2012 IEEE Symposium on Security and Privacy},
    series = {SP '12},
    year = {2012},
    isbn = {978-0-7695-4681-0},
    pages = {332--346},
    numpages = {15},
    url = {http://dx.doi.org/10.1109/SP.2012.28},
    doi = {10.1109/SP.2012.28},
    acmid = {2310689},
    publisher = {IEEE Computer Society},
    address = {Washington, DC, USA},
    keywords = {traffic analysis countermeasures, privacy, machine learning, padding, encrypted traffic},
}

@article{kopf2013preventing,
    title={Preventing side-channel leaks in web traffic: A formal approach},
    author={Kopf, Michael Backes Goran Doychev Boris},
    year={2013}
}

@inproceedings{luo2011httpos,
    title={HTTPOS: Sealing Information Leaks with Browser-side Obfuscation of Encrypted Flows.},
    author={Luo, Xiapu and Zhou, Peng and Chan, Edmond WW and Lee, Wenke and Chang, Rocky KC and Perdisci, Roberto},
    booktitle={NDSS},
    year={2011}
}

@inproceedings{wang2013improved,
    title={Improved website fingerprinting on tor},
    author={Wang, Tao and Goldberg, Ian},
    booktitle={Proceedings of the 12th ACM workshop on Workshop on privacy in the electronic society},
    pages={201--212},
    year={2013},
    organization={ACM}
}

@misc {wikiPreF,
    title = {Link prefetching},
    year = 2015,
    howpublished = {\url{https://en.wikipedia.org/wiki/Link_prefetching}},
    note = {Accessed: 2015-12-04}
}

@inproceedings{panchenko11,
    title={Website fingerprinting in onion routing based anonymization networks},
    author={Panchenko, Andriy and Niessen, Lukas and Zinnen, Andreas and Engel, Thomas},
    booktitle={Proceedings of the 10th annual ACM workshop on Privacy in the electronic society},
    pages={103--114},
    year={2011},
    organization={ACM}
}
